@inproceedings{javadpour2022,
  author={Javadpour, Amir and Ja'fari, Forough and Taleb, Tarik and Shojafar, Mohammad},
  booktitle={GLOBECOM 2022 - 2022 IEEE Global Communications Conference}, 
  title={A Cost-Effective MTD Approach for DDoS Attacks in Software-Defined Networks}, 
  year={2022},
  volume={},
  number={},
  pages={4173-4178},
  keywords={Measurement;Costs;Systems architecture;Denial-of-service attack;Complexity theory;Servers;Global communication;Software-defined networking (SDN);Moving Target Defense (MTD);Distributed Denial of Service (DDoS);Cost-effective;Edge-based Shuffling;Low-complexity},
  doi={10.1109/GLOBECOM48099.2022.10000603}}
@inproceedings{zhou2019,
author = {Zhou, Yuyang and Cheng, Guang and Jiang, Shanqing and Hu, Ying and Zhao, Yuyu and Chen, Zihan},
title = {A Cost-effective Shuffling Method against DDoS Attacks using Moving Target Defense},
year = {2019},
isbn = {9781450368285},
publisher = {Association for Computing Machinery},
address = {New York, NY, USA},
url = {https://doi.org/10.1145/3338468.3356824},
doi = {10.1145/3338468.3356824},
booktitle = {Proceedings of the 6th ACM Workshop on Moving Target Defense},
pages = {57–66},
numpages = {10},
keywords = {cost-effective shuffle, ddos attack, moving target defense, multi-objective markov decision processes},
location = {London, United Kingdom},
series = {MTD'19}}
@inproceedings{gudla2016,
  author={Gudla, Charan and Sung, Andrew H.},
  booktitle={2020 11th IEEE Annual Information Technology, Electronics and Mobile Communication Conference (IEMCON)}, 
  title={Moving Target Defense Application and Analysis in Software-Defined Networking}, 
  year={2020},
  volume={},
  number={},
  pages={0641-0646},
  keywords={Network topology;Packet loss;Jitter;Mobile communication;Delays;Virtualization;Information technology;Moving Target Defense (MTD);Software-Defined Network (SDN);TCP;UDP},
  doi={10.1109/IEMCON51383.2020.9284847}}
@inproceedings{macfarland2015,
author = {MacFarland, Douglas C. and Shue, Craig A.},
title = {The SDN Shuffle: Creating a Moving-Target Defense using Host-based Software-Defined Networking},
year = {2015},
isbn = {9781450338233},
publisher = {Association for Computing Machinery},
address = {New York, NY, USA},
url = {https://doi.org/10.1145/2808475.2808485},
doi = {10.1145/2808475.2808485},
booktitle = {Proceedings of the Second ACM Workshop on Moving Target Defense},
pages = {37–41},
numpages = {5},
keywords = {software-defined networking, moving target defenses},
location = {Denver, Colorado, USA},
series = {MTD '15}}
@inproceedings{jafarian2012,
author = {Jafarian, Jafar Haadi and Al-Shaer, Ehab and Duan, Qi},
title = {Openflow random host mutation: transparent moving target defense using software defined networking},
year = {2012},
isbn = {9781450314770},
publisher = {Association for Computing Machinery},
address = {New York, NY, USA},
url = {https://doi.org/10.1145/2342441.2342467},
doi = {10.1145/2342441.2342467},
booktitle = {Proceedings of the First Workshop on Hot Topics in Software Defined Networks},
pages = {127–132},
numpages = {6},
keywords = {software-defined networking, security, moving target defense, ip mutation},
location = {Helsinki, Finland},
series = {HotSDN '12}}
@inproceedings{steinberger2018,
  author={Steinberger, Jessica and Kuhnert, Benjamin and Dietz, Christian and Ball, Lisa and Sperotto, Anna and Baier, Harald and Pras, Aiko and Dreo, Gabi},
  booktitle={NOMS 2018 - 2018 IEEE/IFIP Network Operations and Management Symposium}, 
  title={DDoS defense using MTD and SDN}, 
  year={2018},
  volume={},
  number={},
  pages={1-9},
  keywords={Cyberattack;Collaboration;High-speed networks;Web and internet services;Terminology},
  doi={10.1109/NOMS.2018.8406221}}
@inproceedings{mtd_vol1,
  title     = {Moving Target Defense: Creating Asymmetric Uncertainty for Cyber Threats},
  author    = {Pratyusa K. Manadhata and Sushil Jajodia and Anup K. Ghosh and Vipin Swarup and Cliff Wang and X. Sean Wang},
  editor    = {Jeannette M. Wing},
  booktitle = {Advances in Information Security, vol. 54},
  publisher = {Springer},
  year      = {2011},
  isbn      = {978-1-4614-0976-2},
  url       = {https://libgen.li/file.php?md5=9367b1bdc68f4e65c6a1e8bba2dabbcf},
}

@inproceedings{jafarian2014,
author = {Jafarian, Jafar and Al-Shaer, Ehab and Duan, Qi},
year = {2014},
month = {11},
pages = {69-78},
title = {Spatio-temporal Address Mutation for Proactive Cyber Agility against Sophisticated Attackers},
volume = {2014},
doi = {10.1145/2663474.2663483}}
@inproceedings{luo2015,
  author={Yue-Bin Luo and Bao-Sheng Wang and Xiao-Feng Wang and Xiao-Feng Hu and Gui-Lin Cai},
  booktitle={2015 International Conference on Information and Communications Technologies (ICT 2015)}, 
  title={TPAH: A universal and multi-platform deployable Port and Address Hopping mechanism}, 
  year={2015},
  volume={},
  number={},
  pages={1-6},
  keywords={port and address hopping;network security;moving target defense;proactive defense;TAP},
  doi={10.1049/cp.2015.0230}}
@inproceedings{al_shaer2013,
author="Al-Shaer, Ehab
and Duan, Qi
and Jafarian, Jafar Haadi",
editor="Keromytis, Angelos D.
and Di Pietro, Roberto",
title="Random Host Mutation for Moving Target Defense",
booktitle="Security and Privacy in Communication Networks",
year="2013",
publisher="Springer Berlin Heidelberg",
address="Berlin, Heidelberg",
pages="310--327",
isbn="978-3-642-36883-7"}
@article{rochak2023,
  title={Mitigation of DDoS attack using moving target defense in SDN},
  author={Swami, Rochak and Dave, Mayank and Ranga, Virender},
  journal={Wireless Personal Communications},
  volume={131},
  number={4},
  pages={2429--2443},
  year={2023},
  publisher={Springer}
}
@INPROCEEDINGS{dunlop2011,
  author={Dunlop, Matthew and Groat, Stephen and Urbanski, William and Marchany, Randy and Tront, Joseph},
  booktitle={2011 - MILCOM 2011 Military Communications Conference}, 
  title={MT6D: A Moving Target IPv6 Defense}, 
  year={2011},
  volume={},
  number={},
  pages={1321-1326},
  keywords={Protocols;Cryptography;Logic gates;Receivers;Privacy;Prototypes;Internet;moving target defense;IPv6;security;privacy},
  doi={10.1109/MILCOM.2011.6127486}}




%%%%%%%%%%%%%%%%%%%%%%%%%%%%%%%% Second hand
@inproceedings{kc2003,
  title={Countering code-injection attacks with instruction-set randomization},
  author={Kc, Gaurav S and Keromytis, Angelos D and Prevelakis, Vassilis},
  booktitle={Proceedings of the 10th ACM conference on Computer and communications security},
  pages={272--280},
  year={2003}
}
@inproceedings{shacham2004,
  title={On the effectiveness of address-space randomization},
  author={Shacham, Hovav and Page, Matthew and Pfaff, Ben and Goh, Eu-Jin and Modadugu, Nagendra and Boneh, Dan},
  booktitle={Proceedings of the 11th ACM conference on Computer and communications security},
  pages={298--307},
  year={2004}
}
@misc{sh_selvaraj2023,
      title={A Large-Scale Study of IoT Security Weaknesses and Vulnerabilities in the Wild}, 
      author={Madhu Selvaraj and Gias Uddin},
      year={2023},
      eprint={2308.13141},
      archivePrefix={arXiv},
      primaryClass={cs.CR},
      url={https://arxiv.org/abs/2308.13141}, 
}
@ARTICLE{sh_xenofontos2022,
  author={Xenofontos, Christos and Zografopoulos, Ioannis and Konstantinou, Charalambos and Jolfaei, Alireza and Khan, Muhammad Khurram and Choo, Kim-Kwang Raymond},
  journal={IEEE Internet of Things Journal}, 
  title={Consumer, Commercial, and Industrial IoT (In)Security: Attack Taxonomy and Case Studies}, 
  year={2022},
  volume={9},
  number={1},
  pages={199-221},
  keywords={Security;Taxonomy;Internet of Things;Industrial Internet of Things;Ecosystems;Protocols;Electronic mail;Attacks;Internet of Things (IoT);security;taxonomy},
  doi={10.1109/JIOT.2021.3079916}}
@misc{sh_sekoia2023,
  author       = {SEKOIA},
  title        = {DDosia Project},
  year         = {2024},
  url          = {https://www.sekoia.io/en/glossary/ddosia-project/}}
@ARTICLE{sh_pal2013,
  author={Pal, Partha and Schantz, Richard and Paulos, Aaron and Benyo, Brett},
  journal={IEEE Security & Privacy}, 
  title={Managed Execution Environment as a Moving-Target Defense Infrastructure}, 
  year={2014},
  volume={12},
  number={2},
  pages={51-59},
  keywords={Target tracking;Computer security;Computer crime;Ports (Computers);Resilience;IP networks;adaptive defense;survivable application;resilience},
  doi={10.1109/MSP.2013.133}}
@ARTICLE{sh_chang2018,
  author={Chang, Sang-Yoon and Park, Younghee and Ashok Babu, Bhavana Babu},
  journal={IEEE Transactions on Network and Service Management}, 
  title={Fast IP Hopping Randomization to Secure Hop-by-Hop Access in SDN}, 
  year={2019},
  volume={16},
  number={1},
  pages={308-320},
  keywords={IP networks;Synchronization;Encryption;Reconnaissance;Control systems;Moving target defense;access randomization;network synchronization;IP address control;software-defined network (SDN);data plane security;network security},
  doi={10.1109/TNSM.2018.2889842}}
@inproceedings{sh_rahman2014,
author = {Rahman, Mohammad Ashiqur and Al-Shaer, Ehab and Bobba, Rakesh B.},
title = {Moving Target Defense for Hardening the Security of the Power System State Estimation},
year = {2014},
isbn = {9781450331500},
publisher = {Association for Computing Machinery},
address = {New York, NY, USA},
url = {https://doi.org/10.1145/2663474.2663482},
doi = {10.1145/2663474.2663482},
booktitle = {Proceedings of the First ACM Workshop on Moving Target Defense},
pages = {59–68},
numpages = {10},
keywords = {state estimation, power grid, moving target defense, false data injection attack},
location = {Scottsdale, Arizona, USA},
series = {MTD '14}}
@misc{CiscoCCNA3,
  author       = {Cisco Networking Academy},
  title        = {CCNA 3: Enterprise Networking, Security, and Automation},
  howpublished = "\url{https://www.netacad.com/courses/ccna}",
  year         = {2023},
  note         = "[Online course]"}
@article{sh_gubbi2013,
title = {Internet of Things (IoT): A vision, architectural elements, and future directions},
journal = {Future Generation Computer Systems},
volume = {29},
number = {7},
pages = {1645-1660},
year = {2013},
issn = {0167-739X},
doi = {https://doi.org/10.1016/j.future.2013.01.010},
url = {https://www.sciencedirect.com/science/article/pii/S0167739X13000241},
author = {Jayavardhana Gubbi and Rajkumar Buyya and Slaven Marusic and Marimuthu Palaniswami},
keywords = {Internet of Things, Ubiquitous sensing, Cloud computing, Wireless sensor networks, RFID, Smart environments},}
@book{sh_sundmaeker2010,
author = {Sundmaeker, Harald and Guillemin, Patrick and Friess, Peter and Woelfflé, Sylvie},
year = {2010},
month = {04},
pages = {},
title = {Vision and Challenges for Realizing the Internet of Things},
isbn = {978-92-79-15088-3},
journal = {Cluster of European Research Projects on the Internet of Things, European Commision},
doi = {10.2759/26127}}
@article{sh_wired2024,
  author       = {IoT Now},
  title        = {When Downtime Becomes Dangerous: How to Mitigate IoT Outages},
  journal      = {IoT Now},
  year         = {2024},
  url          = {https://www.iot-now.com/2023/11/17/140999-when-downtime-becomes-dangerous-how-to-mitigate-iot-outages/},
  note         = {Accessed: 2025-01-06}}
@misc{sh_subhash2023,
      title={Demand-Side Threats to Power Grid Operations from IoT-Enabled Edge}, 
      author={Subhash Lakshminarayana and Carsten Maple and Andrew Larkins and Daryl Flack and Christopher Few and Anurag. K. Srivastava},
      year={2023},
      eprint={2310.18820},
      archivePrefix={arXiv},
      primaryClass={cs.CR},
      url={https://arxiv.org/abs/2310.18820},}

@misc{iotanalytics2024,
  title={Number of connected IoT devices growing 13\% to 18.8 billion globally},
  author={IoT Analytics},
  year={2024},
  url={https://iot-analytics.com/number-connected-iot-devices/},
  note={Accessed: June 3, 2025},
}
@article{iot_vulnerable1,
author = {Ahmed, Waqas},
year = {2024},
month = {01},
pages = {},
title = {Cybersecurity in the Era of IoT: A Review of Vulnerabilities, Threats, and Mitigation Strategies},
journal = {Premier Journal of Science},
doi = {10.70389/PJS.100038}
}

@misc{iot_vulnerable2,
      title={Optimal Control of Malware Propagation in IoT Networks}, 
      author={Mousa Tayseer Jafar and Lu-Xing Yang and Gang Li and Xiaofan Yang},
      year={2024},
      eprint={2401.11076},
      archivePrefix={arXiv},
      primaryClass={cs.CR},
      url={https://arxiv.org/abs/2401.11076}, 
}

@techreport{lockheed_killchain,
  author      = {Eric M. Hutchins and Michael J. Cloppert and Rohan M. Amin},
  title       = {Intelligence-Driven Computer Network Defense Informed by Analysis of Adversary Campaigns and Intrusion Kill Chains},
  institution = {Lockheed Martin Corporation},
  year        = {2011},
  url         = {https://www.lockheedmartin.com/content/dam/lockheed-martin/rms/documents/cyber/LM-White-Paper-Intel-Driven-Defense.pdf},
  note        = {Accessed: June 3, 2025},
}

@inproceedings{vladescu2025,
  author       = {Andrei Vladescu, Ion Bica},
  title        = {Securing IoT Networks through Moving Target Defence},
  booktitle    = {Proceedings of the 25th International Conference on Control Systems and Computer Science (CSCS25), International Workshop on Applications of Moving Target Defense},
  year         = {2025},
  address      = {Bucharest, Romania},
  month        = {May},
  note         = {Presented at AMTD\,2025 track of CSCS25},
}

@incollection{sawyer2002,
  author       = {Ralph D. Sawyer},
  title        = {Li Mu and the Defense of Zhao},
  booktitle    = {A Military History of China},
  editor       = {David A. Graff and Robin Higham},
  publisher    = {Westview Press},
  address      = {Boulder, CO},
  year         = {2002},
  pages        = {137--140}
}
@misc{feamster2017,
      title={Why (and How) Networks Should Run Themselves}, 
      author={Nick Feamster and Jennifer Rexford},
      year={2017},
      eprint={1710.11583},
      archivePrefix={arXiv},
      primaryClass={cs.NI},
      url={https://arxiv.org/abs/1710.11583}, 
}

@ARTICLE{kostic2001,
  author={Kostic, Z. and Maric, I. and Wang, X.},
  journal={IEEE Journal on Selected Areas in Communications}, 
  title={Fundamentals of dynamic frequency hopping in cellular systems}, 
  year={2001},
  volume={19},
  number={11},
  pages={2254-2266},
  keywords={Frequency;System performance;Distribution functions;Error analysis;Channel coding;Interleaved codes;Power control;Speech analysis;Analytical models;Shadow mapping},
  doi={10.1109/49.963811}}

@article{antonakakis2017,
author = {Manos Antonakakis and Tim April and Michael Bailey and Matt Bernhard and Elie Bursztein and Jaime Cochran and Zakir Durumeric and J. Alex Halderman and Luca Invernizzi and Michalis Kallitsis and Deepak Kumar and Chaz Lever and Zane Ma and Joshua Mason and Damian Menscher and Chad Seaman and Nick Sullivan and Kurt Thomas and Yi Zhou},
title = {Understanding the Mirai Botnet},
booktitle = {26th USENIX Security Symposium (USENIX Security 17)},
year = {2017},
isbn = {978-1-931971-40-9},
address = {Vancouver, BC},
pages = {1093--1110},
url = {https://www.usenix.org/conference/usenixsecurity17/technical-sessions/presentation/antonakakis},
publisher = {USENIX Association},
month = aug
}

